%YAML 1.1
%TAG !u! tag:unity3d.com,2011:
--- !u!1001 &100100000
Prefab:
  m_ObjectHideFlags: 1
  serializedVersion: 2
  m_Modification:
    m_TransformParent: {fileID: 0}
    m_Modifications: []
    m_RemovedComponents: []
  m_SourcePrefab: {fileID: 0}
  m_RootGameObject: {fileID: 1353128660989274}
  m_IsPrefabAsset: 1
--- !u!1 &1353128660989274
GameObject:
  m_ObjectHideFlags: 0
  m_CorrespondingSourceObject: {fileID: 0}
  m_PrefabInternal: {fileID: 100100000}
  serializedVersion: 6
  m_Component:
  - component: {fileID: 4226612088842004}
  - component: {fileID: 114490443036176870}
  m_Layer: 0
  m_Name: lac I repressor active_tobii
  m_TagString: Untagged
  m_Icon: {fileID: 0}
  m_NavMeshLayer: 0
  m_StaticEditorFlags: 0
  m_IsActive: 1
--- !u!1 &1448423707082810
GameObject:
  m_ObjectHideFlags: 0
  m_CorrespondingSourceObject: {fileID: 0}
  m_PrefabInternal: {fileID: 100100000}
  serializedVersion: 6
  m_Component:
  - component: {fileID: 4575481335766554}
  - component: {fileID: 33477000815321968}
  - component: {fileID: 23888122029022362}
  - component: {fileID: 136985246460245468}
  - component: {fileID: 114236357182877938}
  - component: {fileID: 114610998889974506}
  - component: {fileID: 114429645418846202}
  m_Layer: 0
  m_Name: repressor
  m_TagString: Untagged
  m_Icon: {fileID: 0}
  m_NavMeshLayer: 0
  m_StaticEditorFlags: 0
  m_IsActive: 1
--- !u!1 &1925970068263254
GameObject:
  m_ObjectHideFlags: 0
  m_CorrespondingSourceObject: {fileID: 0}
  m_PrefabInternal: {fileID: 100100000}
  serializedVersion: 6
  m_Component:
  - component: {fileID: 4828126930714600}
  - component: {fileID: 114933214763994286}
  m_Layer: 0
  m_Name: ActiveSite
  m_TagString: Untagged
  m_Icon: {fileID: 0}
  m_NavMeshLayer: 0
  m_StaticEditorFlags: 0
  m_IsActive: 1
--- !u!4 &4226612088842004
Transform:
  m_ObjectHideFlags: 1
  m_CorrespondingSourceObject: {fileID: 0}
  m_PrefabInternal: {fileID: 100100000}
  m_GameObject: {fileID: 1353128660989274}
  m_LocalRotation: {x: 0, y: 0, z: 0, w: 1}
  m_LocalPosition: {x: 0, y: 0, z: 0}
  m_LocalScale: {x: 1, y: 1, z: 1}
  m_Children:
  - {fileID: 4575481335766554}
  - {fileID: 4828126930714600}
  m_Father: {fileID: 0}
  m_RootOrder: 0
  m_LocalEulerAnglesHint: {x: 0, y: 0, z: 0}
--- !u!4 &4575481335766554
Transform:
  m_ObjectHideFlags: 1
  m_CorrespondingSourceObject: {fileID: 0}
  m_PrefabInternal: {fileID: 100100000}
  m_GameObject: {fileID: 1448423707082810}
  m_LocalRotation: {x: -0.6684958, y: -0.37855202, z: 0.6241469, w: -0.14231122}
  m_LocalPosition: {x: 0.33100006, y: 0.019000024, z: -0.01999998}
  m_LocalScale: {x: 1, y: 1, z: 3}
  m_Children: []
  m_Father: {fileID: 4226612088842004}
  m_RootOrder: 0
  m_LocalEulerAnglesHint: {x: -221.515, y: 76.061, z: -26.018982}
--- !u!4 &4828126930714600
Transform:
  m_ObjectHideFlags: 1
  m_CorrespondingSourceObject: {fileID: 0}
  m_PrefabInternal: {fileID: 100100000}
  m_GameObject: {fileID: 1925970068263254}
  m_LocalRotation: {x: 0, y: 0, z: 0, w: 1}
  m_LocalPosition: {x: 0, y: -0.278, z: 0}
  m_LocalScale: {x: 1, y: 1, z: 1}
  m_Children: []
  m_Father: {fileID: 4226612088842004}
  m_RootOrder: 1
  m_LocalEulerAnglesHint: {x: 0, y: 0, z: 0}
--- !u!23 &23888122029022362
MeshRenderer:
  m_ObjectHideFlags: 1
  m_CorrespondingSourceObject: {fileID: 0}
  m_PrefabInternal: {fileID: 100100000}
  m_GameObject: {fileID: 1448423707082810}
  m_Enabled: 1
  m_CastShadows: 1
  m_ReceiveShadows: 1
  m_DynamicOccludee: 1
  m_MotionVectors: 1
  m_LightProbeUsage: 1
  m_ReflectionProbeUsage: 1
  m_RenderingLayerMask: 4294967295
  m_Materials:
  - {fileID: 2100000, guid: abc5990667659b24d8df714a553faa7f, type: 2}
  m_StaticBatchInfo:
    firstSubMesh: 0
    subMeshCount: 0
  m_StaticBatchRoot: {fileID: 0}
  m_ProbeAnchor: {fileID: 0}
  m_LightProbeVolumeOverride: {fileID: 0}
  m_ScaleInLightmap: 1
  m_PreserveUVs: 0
  m_IgnoreNormalsForChartDetection: 0
  m_ImportantGI: 0
  m_StitchLightmapSeams: 0
  m_SelectedEditorRenderState: 3
  m_MinimumChartSize: 4
  m_AutoUVMaxDistance: 0.5
  m_AutoUVMaxAngle: 89
  m_LightmapParameters: {fileID: 0}
  m_SortingLayerID: 0
  m_SortingLayer: 0
  m_SortingOrder: 0
--- !u!33 &33477000815321968
MeshFilter:
  m_ObjectHideFlags: 1
  m_CorrespondingSourceObject: {fileID: 0}
  m_PrefabInternal: {fileID: 100100000}
  m_GameObject: {fileID: 1448423707082810}
  m_Mesh: {fileID: 4300000, guid: c2ac747dc02d66a45903798976ee6823, type: 3}
--- !u!114 &114236357182877938
MonoBehaviour:
  m_ObjectHideFlags: 1
  m_CorrespondingSourceObject: {fileID: 0}
  m_PrefabInternal: {fileID: 100100000}
  m_GameObject: {fileID: 1448423707082810}
  m_Enabled: 1
  m_EditorHideFlags: 0
  m_Script: {fileID: -253177215, guid: 238f2f51097a7024596ae82726cf3124, type: 3}
  m_Name: 
  m_EditorClassIdentifier: 
  unityInstanceID: -1722584
--- !u!114 &114429645418846202
MonoBehaviour:
  m_ObjectHideFlags: 1
  m_CorrespondingSourceObject: {fileID: 0}
  m_PrefabInternal: {fileID: 100100000}
  m_GameObject: {fileID: 1448423707082810}
  m_Enabled: 1
  m_EditorHideFlags: 0
  m_Script: {fileID: 11500000, guid: 6ee2aea6029627846b2a704af154cd0c, type: 3}
  m_Name: 
  m_EditorClassIdentifier: 
--- !u!114 &114490443036176870
MonoBehaviour:
  m_ObjectHideFlags: 1
  m_CorrespondingSourceObject: {fileID: 0}
  m_PrefabInternal: {fileID: 100100000}
  m_GameObject: {fileID: 1353128660989274}
  m_Enabled: 1
  m_EditorHideFlags: 0
  m_Script: {fileID: 11500000, guid: 88799a368b74e4f419fd892ada11843a, type: 3}
  m_Name: 
  m_EditorClassIdentifier: 
  active: 1
  boundToOperator: 0
  activeMolecule: {fileID: 11400000, guid: 5e83584cc17e70246aeb2e56d64fc62d, type: 2}
  allolactose: {fileID: 11400000, guid: f7831ac9ee3f2804980eeae58f35a996, type: 2}
--- !u!114 &114610998889974506
MonoBehaviour:
  m_ObjectHideFlags: 1
  m_CorrespondingSourceObject: {fileID: 0}
  m_PrefabInternal: {fileID: 100100000}
  m_GameObject: {fileID: 1448423707082810}
  m_Enabled: 0
  m_EditorHideFlags: 0
  m_Script: {fileID: -1044999255, guid: 238f2f51097a7024596ae82726cf3124, type: 3}
  m_Name: 
  m_EditorClassIdentifier: 
  _instanceId: repressor 60f05a7f-a3e8-4a5a-ad74-01bf7b9384c5
  _trackedObjectName: repressor
  _parentObject: {fileID: 0}
  _isInteractable: 0
  _area: {fileID: 0}
  _subObjects: []
  _meshFilter: {fileID: 33477000815321968}
  _trackedMesh: {fileID: 0}
--- !u!114 &114933214763994286
MonoBehaviour:
  m_ObjectHideFlags: 1
  m_CorrespondingSourceObject: {fileID: 0}
  m_PrefabInternal: {fileID: 100100000}
  m_GameObject: {fileID: 1925970068263254}
  m_Enabled: 1
  m_EditorHideFlags: 0
  m_Script: {fileID: 11500000, guid: ec66e0d4613f5be4b94810c561f1c996, type: 3}
  m_Name: 
  m_EditorClassIdentifier: 
--- !u!136 &136985246460245468
CapsuleCollider:
  m_ObjectHideFlags: 1
  m_CorrespondingSourceObject: {fileID: 0}
  m_PrefabInternal: {fileID: 100100000}
  m_GameObject: {fileID: 1448423707082810}
  m_Material: {fileID: 0}
  m_IsTrigger: 0
  m_Enabled: 1
  m_Radius: 0.10000002
  m_Height: 0.49215686
  m_Direction: 1
  m_Center: {x: 0, y: -0.14607842, z: 0}
